<record><leader>00000cas a2200000 a 4500</leader><controlfield tag="001">9286049</controlfield><controlfield tag="008">830307d197u1985caucr ne      0   a0eng c</controlfield><datafield ind1=" " ind2=" " tag="010"><subfield code="a">sn 83002048 </subfield></datafield><datafield ind1=" " ind2=" " tag="040"><subfield code="a">NSD</subfield><subfield code="b">eng</subfield><subfield code="c">NSD</subfield><subfield code="d">CNK</subfield><subfield code="d">OCLCQ</subfield><subfield code="d">CNK</subfield><subfield code="d">OCLCQ</subfield><subfield code="d">OCLCF</subfield><subfield code="d">OCLCO</subfield></datafield><datafield ind1=" " ind2=" " tag="012"><subfield code="j">0</subfield><subfield code="m">d</subfield></datafield><datafield ind1="1" ind2=" " tag="022"><subfield code="a">0745-5577</subfield><subfield code="l">0745-5577</subfield><subfield code="2">1</subfield></datafield><datafield ind1="1" ind2=" " tag="029"><subfield code="a">AU@</subfield><subfield code="b">000020395199</subfield></datafield><datafield ind1=" " ind2=" " tag="042"><subfield code="a">pcc</subfield></datafield><datafield ind1=" " ind2=" " tag="043"><subfield code="a">n-us-ca</subfield></datafield><datafield ind1=" " ind2="0" tag="222"><subfield code="a">Rancho Mirage chronicle</subfield></datafield><datafield ind1="0" ind2="0" tag="245"><subfield code="a">Rancho Mirage chronicle.</subfield></datafield><datafield ind1=" " ind2=" " tag="260"><subfield code="a">Rancho Mirage, Calif. :</subfield><subfield code="b">Press-Enterprise Co.</subfield></datafield><datafield ind1=" " ind2=" " tag="300"><subfield code="a">v.</subfield></datafield><datafield ind1=" " ind2=" " tag="310"><subfield code="a">Semiweekly,</subfield><subfield code="b">Jan. 19, 1983-</subfield></datafield><datafield ind1=" " ind2=" " tag="321"><subfield code="a">Weekly,</subfield><subfield code="b">&lt;Mar. 26, 1981&gt;-Jan. 13, 1983</subfield></datafield><datafield ind1="1" ind2=" " tag="362"><subfield code="a">Ceased in 1985.</subfield></datafield><datafield ind1=" " ind2=" " tag="500"><subfield code="a">"Rancho Mirage" appears in small print above "Chronicle."</subfield></datafield><datafield ind1=" " ind2=" " tag="500"><subfield code="a">Publisher's block: Combined with Desert View.</subfield></datafield><datafield ind1=" " ind2=" " tag="530"><subfield code="a">Master negatives are available for duplication from:</subfield><subfield code="b">California Newspaper Microfilm Archive;</subfield><subfield code="c">positive copies may be purchased by the reel; for further information consult the CNMA at:</subfield><subfield code="u">http://cbsr.ucr.edu</subfield></datafield><datafield ind1=" " ind2=" " tag="588"><subfield code="a">Description based on: Vol. 6, no. 12 (Mar. 26, 1981).</subfield></datafield><datafield ind1=" " ind2="0" tag="651"><subfield code="a">Rancho Mirage (Calif.)</subfield><subfield code="v">Newspapers.</subfield></datafield><datafield ind1=" " ind2="7" tag="655"><subfield code="a">Newspapers.</subfield><subfield code="2">fast</subfield><subfield code="0">(OCoLC)fst01423814</subfield></datafield><datafield ind1=" " ind2="7" tag="651"><subfield code="a">California</subfield><subfield code="z">Rancho Mirage.</subfield><subfield code="2">fast</subfield><subfield code="0">(OCoLC)fst01228795</subfield></datafield><datafield ind1=" " ind2=" " tag="752"><subfield code="a">United States</subfield><subfield code="b">California</subfield><subfield code="c">Riverside</subfield><subfield code="d">Rancho Mirage.</subfield></datafield><datafield ind1="0" ind2="0" tag="785"><subfield code="t">Rancho Mirage post</subfield><subfield code="x">0884-6170</subfield><subfield code="w">(OCoLC)12401487</subfield></datafield><datafield ind1=" " ind2=" " tag="936"><subfield code="a">Jan. 19, 1983</subfield></datafield></record>